@ARTICLE{Deming15,
   author = {{Deming}, D. and {Knutson}, H. and {Kammer}, J. and {Fulton}, B.~J. and
	{Ingalls}, J. and {Carey}, S. and {Burrows}, A. and {Fortney}, J.~J. and
	{Todorov}, K. and {Agol}, E. and {Cowan}, N. and {Desert}, J.-M. and
	{Fraine}, J. and {Langton}, J. and {Morley}, C. and {Showman}, A.~P.
	},
    title = "{Spitzer Secondary Eclipses of the Dense, Modestly-irradiated, Giant Exoplanet HAT-P-20b Using Pixel-level Decorrelation}",
  journal = {ApJ},
archivePrefix = "arXiv",
   eprint = {1411.7404},
 primaryClass = "astro-ph.EP",
 keywords = {eclipses, infrared: planetary systems, planetary systems, planets and satellites: atmospheres},
     year = 2015,
    month = jun,
   volume = 805,
      eid = {132},
    pages = {132},
      doi = {10.1088/0004-637X/805/2/132},
   adsurl = {http://adsabs.harvard.edu/abs/2015ApJ...805..132D},
  adsnote = {Provided by the SAO/NASA Astrophysics Data System}
}

@ARTICLE{Vanderburg16,
   author = {{Vanderburg}, A. and {Bieryla}, A. and {Duev}, D.~A. and {Jensen-Clem}, R. and
	{Latham}, D.~W. and {Mayo}, A.~W. and {Baranec}, C. and {Berlind}, P. and
	{Kulkarni}, S. and {Law}, N.~M. and {Nieberding}, M.~N. and
	{Riddle}, R. and {Salama}, M.},
    title = "{Two Small Planets Transiting HD 3167}",
  journal = {\apjl},
archivePrefix = "arXiv",
   eprint = {1607.05248},
 primaryClass = "astro-ph.EP",
 keywords = {planetary systems, planets and satellites: detection, stars: individual: HD 3167 },
     year = 2016,
    month = sep,
   volume = 829,
      eid = {L9},
    pages = {L9},
      doi = {10.3847/2041-8205/829/1/L9},
   adsurl = {http://adsabs.harvard.edu/abs/2016ApJ...829L...9V},
  adsnote = {Provided by the SAO/NASA Astrophysics Data System}
}


@ARTICLE{Luger17TRAPPIST,
   author = {{Luger}, R. and {Sestovic}, M. and {Kruse}, E. and {Grimm}, S.~L. and
	{Demory}, B.-O. and {Agol}, E. and {Bolmont}, E. and {Fabrycky}, D. and
	{Fernandes}, C.~S. and {Van Grootel}, V. and {Burgasser}, A. and
	{Gillon}, M. and {Ingalls}, J.~G. and {Jehin}, E. and {Raymond}, S.~N. and
	{Selsis}, F. and {Triaud}, A.~H.~M.~J. and {Barclay}, T. and
	{Barentsen}, G. and {Howell}, S.~B. and {Delrez}, L. and {de Wit}, J. and
	{Foreman-Mackey}, D. and {Holdsworth}, D.~L. and {Leconte}, J. and
	{Lederer}, S. and {Turbet}, M. and {Almleaky}, Y. and {Benkhaldoun}, Z. and
	{Magain}, P. and {Morris}, B.~M. and {Heng}, K. and {Queloz}, D.
	},
    title = "{A seven-planet resonant chain in TRAPPIST-1}",
  journal = {Nature Astronomy},
archivePrefix = "arXiv",
   eprint = {1703.04166},
 primaryClass = "astro-ph.EP",
     year = 2017,
    month = jun,
   volume = 1,
      eid = {0129},
    pages = {0129},
      doi = {10.1038/s41550-017-0129},
   adsurl = {http://adsabs.harvard.edu/abs/2017NatAs...1E.129L},
  adsnote = {Provided by the SAO/NASA Astrophysics Data System}
}


@ARTICLE{Luger17RN,
   author = {{Luger}, R. and {Foreman-Mackey}, D. and {Hogg}, D.~W.},
    title = "{Linear Models for Systematics and Nuisances}",
  journal = {Research Notes of the American Astronomical Society},
archivePrefix = "arXiv",
   eprint = {1710.11136},
 primaryClass = "astro-ph.IM",
     year = 2017,
    month = dec,
   volume = 1,
      eid = {7},
    pages = {7},
      doi = {10.3847/2515-5172/aa96b5},
   adsurl = {http://adsabs.harvard.edu/abs/2017RNAAS...1....7L},
  adsnote = {Provided by the SAO/NASA Astrophysics Data System}
}


@ARTICLE{Libralato2016a,
   author = {{Libralato}, M. and {Bedin}, L.~R. and {Nardiello}, D. and {Piotto}, G.
	},
    title = "{A PSF-based approach to Kepler/K2 data - I. Variability within the K2 Campaign 0 star clusters M 35 and NGC 2158}",
  journal = {\mnras},
archivePrefix = "arXiv",
   eprint = {1510.09180},
 primaryClass = "astro-ph.SR",
 keywords = {techniques: image processing, techniques: photometric, binaries: general, stars: variables: general, open clusters and associations: individual: M 35, open clusters and associations: individual: NGC 2158},
     year = 2016,
    month = feb,
   volume = 456,
    pages = {1137-1162},
      doi = {10.1093/mnras/stv2628},
   adsurl = {http://adsabs.harvard.edu/abs/2016MNRAS.456.1137L},
  adsnote = {Provided by the SAO/NASA Astrophysics Data System}
}

@ARTICLE{Libralato2016b,
   author = {{Libralato}, M. and {Nardiello}, D. and {Bedin}, L.~R. and {Borsato}, L. and
	{Granata}, V. and {Malavolta}, L. and {Piotto}, G. and {Ochner}, P. and
	{Cunial}, A. and {Nascimbeni}, V.},
    title = "{A PSF-based approach to Kepler/K2 data - II. Exoplanet candidates in Praesepe (M 44)}",
  journal = {\mnras},
archivePrefix = "arXiv",
   eprint = {1608.00459},
 primaryClass = "astro-ph.EP",
 keywords = {techniques: image processing, techniques: photometric, binaries: general, planetary systems, stars: variables: general, open clusters and associations: individual: NGC 2632 (M 44)},
     year = 2016,
    month = dec,
   volume = 463,
    pages = {1780-1796},
      doi = {10.1093/mnras/stw1932},
   adsurl = {http://adsabs.harvard.edu/abs/2016MNRAS.463.1780L},
  adsnote = {Provided by the SAO/NASA Astrophysics Data System}
}

@ARTICLE{ForemanMackey15,
   author = {{Foreman-Mackey}, D. and {Montet}, B.~T. and {Hogg}, D.~W. and
	{Morton}, T.~D. and {Wang}, D. and {Sch{\"o}lkopf}, B.},
    title = "{A Systematic Search for Transiting Planets in the K2 Data}",
  journal = {\apj},
archivePrefix = "arXiv",
   eprint = {1502.04715},
 primaryClass = "astro-ph.EP",
 keywords = {catalogs, methods: data analysis, methods: statistical, planetary systems, stars: statistics},
     year = 2015,
    month = jun,
   volume = 806,
      eid = {215},
    pages = {215},
      doi = {10.1088/0004-637X/806/2/215},
   adsurl = {http://adsabs.harvard.edu/abs/2015ApJ...806..215F},
  adsnote = {Provided by the SAO/NASA Astrophysics Data System}
}

@ARTICLE{Christiansen12,
   author = {{Christiansen}, J.~L. and {Jenkins}, J.~M. and {Caldwell}, D.~A. and
	{Burke}, C.~J. and {Tenenbaum}, P. and {Seader}, S. and {Thompson}, S.~E. and
	{Barclay}, T.~S. and {Clarke}, B.~D. and {Li}, J. and {Smith}, J.~C. and
	{Stumpe}, M.~C. and {Twicken}, J.~D. and {Van Cleve}, J.},
    title = "{The Derivation, Properties, and Value of Kepler's Combined Differential Photometric Precision}",
  journal = {PASP},
archivePrefix = "arXiv",
   eprint = {1208.0595},
 primaryClass = "astro-ph.EP",
     year = 2012,
    month = dec,
   volume = 124,
    pages = {1279-1287},
      doi = {10.1086/668847},
   adsurl = {http://adsabs.harvard.edu/abs/2012PASP..124.1279C},
  adsnote = {Provided by the SAO/NASA Astrophysics Data System}
}

@ARTICLE{Huang15,
   author = {{Huang}, C.~X. and {Penev}, K. and {Hartman}, J.~D. and {Bakos}, G.~{\'A}. and
	{Bhatti}, W. and {Domsa}, I. and {de Val-Borro}, M.},
    title = "{High-precision photometry for K2 Campaign 1}",
  journal = {\mnras},
archivePrefix = "arXiv",
   eprint = {1507.07578},
 primaryClass = "astro-ph.EP",
 keywords = {methods: data analysis, techniques: photometric, surveys, astrometry},
     year = 2015,
    month = dec,
   volume = 454,
    pages = {4159-4171},
      doi = {10.1093/mnras/stv2257},
   adsurl = {http://adsabs.harvard.edu/abs/2015MNRAS.454.4159H},
  adsnote = {Provided by the SAO/NASA Astrophysics Data System}
}

@ARTICLE{Aigrain16,
   author = {{Aigrain}, S. and {Parviainen}, H. and {Pope}, B.~J.~S.},
    title = "{K2SC: flexible systematics correction and detrending of K2 light curves using Gaussian process regression}",
  journal = {\mnras},
archivePrefix = "arXiv",
   eprint = {1603.09167},
 primaryClass = "astro-ph.SR",
 keywords = {methods: data analysis, planetary systems, stars: rotation},
     year = 2016,
    month = jul,
   volume = 459,
    pages = {2408-2419},
      doi = {10.1093/mnras/stw706},
   adsurl = {http://adsabs.harvard.edu/abs/2016MNRAS.459.2408A},
  adsnote = {Provided by the SAO/NASA Astrophysics Data System}
}

@ARTICLE{Vanderburg14,
   author = {{Vanderburg}, A.},
    title = "{Reduced Light Curves from Campaign 0 of the K2 Mission}",
  journal = {ArXiv e-prints},
archivePrefix = "arXiv",
   eprint = {1412.1827},
 primaryClass = "astro-ph.IM",
 keywords = {Astrophysics - Instrumentation and Methods for Astrophysics, Astrophysics - Earth and Planetary Astrophysics, Astrophysics - Solar and Stellar Astrophysics},
     year = 2014,
    month = dec,
   adsurl = {http://adsabs.harvard.edu/abs/2014arXiv1412.1827V},
  adsnote = {Provided by the SAO/NASA Astrophysics Data System}
}

@ARTICLE{Aigrain15,
   author = {{Aigrain}, S. and {Hodgkin}, S.~T. and {Irwin}, M.~J. and {Lewis}, J.~R. and
	{Roberts}, S.~J.},
    title = "{Precise time series photometry for the Kepler-2.0 mission}",
  journal = {\mnras},
archivePrefix = "arXiv",
   eprint = {1412.6304},
 primaryClass = "astro-ph.IM",
 keywords = {methods: data analysis, techniques: photometric},
     year = 2015,
    month = mar,
   volume = 447,
    pages = {2880-2893},
      doi = {10.1093/mnras/stu2638},
   adsurl = {http://adsabs.harvard.edu/abs/2015MNRAS.447.2880A},
  adsnote = {Provided by the SAO/NASA Astrophysics Data System}
}

@ARTICLE{VanderburgJohnson14,
   author = {{Vanderburg}, A. and {Johnson}, J.~A.},
    title = "{A Technique for Extracting Highly Precise Photometry for the Two-Wheeled Kepler Mission}",
  journal = {\pasp},
archivePrefix = "arXiv",
   eprint = {1408.3853},
 primaryClass = "astro-ph.IM",
     year = 2014,
    month = oct,
   volume = 126,
    pages = {948-958},
      doi = {10.1086/678764},
   adsurl = {http://adsabs.harvard.edu/abs/2014PASP..126..948V},
  adsnote = {Provided by the SAO/NASA Astrophysics Data System}
}

@article{SavitskyGolay64,
  author = { Abraham.   Savitzky  and  M. J. E.   Golay },
  title = {Smoothing and Differentiation of Data by Simplified Least Squares Procedures.},
  journal = {Analytical Chemistry},
  volume = {36},
  number = {8},
  pages = {1627-1639},
  year = {1964},
  doi = {10.1021/ac60214a047},
  URL = {http://dx.doi.org/10.1021/ac60214a047},
  eprint = {http://dx.doi.org/10.1021/ac60214a047}
}

@ARTICLE{Armstrong15,
   author = {{Armstrong}, D.~J. and {Kirk}, J. and {Lam}, K.~W.~F. and {McCormac}, J. and
	{Walker}, S.~R. and {Brown}, D.~J.~A. and {Osborn}, H.~P. and
	{Pollacco}, D.~L. and {Spake}, J.},
    title = "{K2 Variable Catalogue: Variable stars and eclipsing binaries in K2 campaigns 1 and 0}",
  journal = {\aap},
archivePrefix = "arXiv",
   eprint = {1502.04004},
 primaryClass = "astro-ph.SR",
 keywords = {stars: variables: general, catalogs, stars: general, binaries: eclipsing},
     year = 2015,
    month = jul,
   volume = 579,
      eid = {A19},
    pages = {A19},
      doi = {10.1051/0004-6361/201525889},
   adsurl = {http://adsabs.harvard.edu/abs/2015A%26A...579A..19A},
  adsnote = {Provided by the SAO/NASA Astrophysics Data System}
}

@ARTICLE{Petigura12,
   author = {{Petigura}, E.~A. and {Marcy}, G.~W.},
    title = "{Identification and Removal of Noise Modes in Kepler Photometry}",
  journal = {\pasp},
archivePrefix = "arXiv",
   eprint = {1208.4554},
 primaryClass = "astro-ph.IM",
     year = 2012,
    month = oct,
   volume = 124,
    pages = {1073-1082},
      doi = {10.1086/668291},
   adsurl = {http://adsabs.harvard.edu/abs/2012PASP..124.1073P},
  adsnote = {Provided by the SAO/NASA Astrophysics Data System}
}

@ARTICLE{Tamuz05,
   author = {{Tamuz}, O. and {Mazeh}, T. and {Zucker}, S.},
    title = "{Correcting systematic effects in a large set of photometric light curves}",
  journal = {\mnras},
   eprint = {astro-ph/0502056},
 keywords = {atmospheric effects, methods: data analysis, methods: statistical, techniques: photometric, surveys, planetary systems},
     year = 2005,
    month = feb,
   volume = 356,
    pages = {1466-1470},
      doi = {10.1111/j.1365-2966.2004.08585.x},
   adsurl = {http://adsabs.harvard.edu/abs/2005MNRAS.356.1466T},
  adsnote = {Provided by the SAO/NASA Astrophysics Data System}
}


@ARTICLE{Armstrong16,
   author = {{Armstrong}, D.~J. and {Kirk}, J. and {Lam}, K.~W.~F. and {McCormac}, J. and
	{Osborn}, H.~P. and {Spake}, J. and {Walker}, S. and {Brown}, D.~J.~A. and
	{Kristiansen}, M.~H. and {Pollacco}, D. and {West}, R. and {Wheatley}, P.~J.
	},
    title = "{K2 variable catalogue - II. Machine learning classification of variable stars and eclipsing binaries in K2 fields 0-4}",
  journal = {\mnras},
archivePrefix = "arXiv",
   eprint = {1512.01246},
 primaryClass = "astro-ph.SR",
 keywords = {methods: data analysis, techniques: photometric, catalogues, binaries: eclipsing, stars: variables: general},
     year = 2016,
    month = feb,
   volume = 456,
    pages = {2260-2272},
      doi = {10.1093/mnras/stv2836},
   adsurl = {http://adsabs.harvard.edu/abs/2016MNRAS.456.2260A},
  adsnote = {Provided by the SAO/NASA Astrophysics Data System}
}

@BOOK{GolubVanLoan96,
   author = {{Golub}, G.~H. and {Van Loan}, C.~F.},
    title = "{Matrix Computations (3rd ed.; Baltimore: Johns Hopkins Univ. Press)}",
     year = 1996
}

@ARTICLE{Stumpe12,
   author = {{Stumpe}, M.~C. and {Smith}, J.~C. and {Van Cleve}, J.~E. and
	{Twicken}, J.~D. and {Barclay}, T.~S. and {Fanelli}, M.~N. and
	{Girouard}, F.~R. and {Jenkins}, J.~M. and {Kolodziejczak}, J.~J. and
	{McCauliff}, S.~D. and {Morris}, R.~L.},
    title = "{Kepler Presearch Data Conditioning I{\mdash}Architecture and Algorithms for Error Correction in Kepler Light Curves}",
  journal = {\pasp},
archivePrefix = "arXiv",
   eprint = {1203.1382},
 primaryClass = "astro-ph.IM",
     year = 2012,
    month = sep,
   volume = 124,
    pages = {985-999},
      doi = {10.1086/667698},
   adsurl = {http://adsabs.harvard.edu/abs/2012PASP..124..985S},
  adsnote = {Provided by the SAO/NASA Astrophysics Data System}
}

@ARTICLE{Smith12,
   author = {{Smith}, J.~C. and {Stumpe}, M.~C. and {Van Cleve}, J.~E. and
	{Jenkins}, J.~M. and {Barclay}, T.~S. and {Fanelli}, M.~N. and
	{Girouard}, F.~R. and {Kolodziejczak}, J.~J. and {McCauliff}, S.~D. and
	{Morris}, R.~L. and {Twicken}, J.~D.},
    title = "{Kepler Presearch Data Conditioning II - A Bayesian Approach to Systematic Error Correction}",
  journal = {\pasp},
archivePrefix = "arXiv",
   eprint = {1203.1383},
 primaryClass = "astro-ph.IM",
     year = 2012,
    month = sep,
   volume = 124,
    pages = {1000-1014},
      doi = {10.1086/667697},
   adsurl = {http://adsabs.harvard.edu/abs/2012PASP..124.1000S},
  adsnote = {Provided by the SAO/NASA Astrophysics Data System}
}


@ARTICLE{Wang16,
   author = {{Wang}, D. and {Hogg}, D.~W. and {Foreman-Mackey}, D. and {Sch{\"o}lkopf}, B.
	},
    title = "{A Causal, Data-driven Approach to Modeling the Kepler Data}",
  journal = {\pasp},
archivePrefix = "arXiv",
   eprint = {1508.01853},
 primaryClass = "astro-ph.EP",
     year = 2016,
    month = sep,
   volume = 128,
   number = 9,
    pages = {094503},
      doi = {10.1088/1538-3873/128/967/094503},
   adsurl = {http://adsabs.harvard.edu/abs/2016PASP..128i4503W},
  adsnote = {Provided by the SAO/NASA Astrophysics Data System}
}

@ARTICLE{Kruse17,
   author = {{Kruse}, E. and {Luger}, R. and {Agol}, E.},
    title = "{Detection of New Planets With \emph{K2}}",
     year = {2017, in prep.}
}

@ARTICLE{Crossfield15,
   author = {{Crossfield}, I.~J.~M. and {Petigura}, E. and {Schlieder}, J.~E. and
	{Howard}, A.~W. and {Fulton}, B.~J. and {Aller}, K.~M. and {Ciardi}, D.~R. and
	{L{\'e}pine}, S. and {Barclay}, T. and {de Pater}, I. and {de Kleer}, K. and
	{Quintana}, E.~V. and {Christiansen}, J.~L. and {Schlafly}, E. and
	{Kaltenegger}, L. and {Crepp}, J.~R. and {Henning}, T. and {Obermeier}, C. and
	{Deacon}, N. and {Weiss}, L.~M. and {Isaacson}, H.~T. and {Hansen}, B.~M.~S. and
	{Liu}, M.~C. and {Greene}, T. and {Howell}, S.~B. and {Barman}, T. and
	{Mordasini}, C.},
    title = "{A Nearby M Star with Three Transiting Super-Earths Discovered by K2}",
  journal = {ApJ},
archivePrefix = "arXiv",
   eprint = {1501.03798},
 primaryClass = "astro-ph.EP",
 keywords = {eclipses, stars: individual: EPIC 201367065, techniques: photometric, techniques: spectroscopic},
     year = 2015,
    month = may,
   volume = 804,
      eid = {10},
    pages = {10},
      doi = {10.1088/0004-637X/804/1/10},
   adsurl = {http://adsabs.harvard.edu/abs/2015ApJ...804...10C},
  adsnote = {Provided by the SAO/NASA Astrophysics Data System}
}

@ARTICLE{Lund15,
   author = {{Lund}, M.~N. and {Handberg}, R. and {Davies}, G.~R. and {Chaplin}, W.~J. and
	{Jones}, C.~D.},
    title = "{K2P$^{2}${\mdash} A Photometry Pipeline for the K2 Mission}",
  journal = {\apj},
archivePrefix = "arXiv",
   eprint = {1504.05199},
 primaryClass = "astro-ph.SR",
 keywords = {asteroseismology, methods: data analysis, stars: solar-type, techniques: image processing, techniques: photometric},
     year = 2015,
    month = jun,
   volume = 806,
      eid = {30},
    pages = {30},
      doi = {10.1088/0004-637X/806/1/30},
   adsurl = {http://adsabs.harvard.edu/abs/2015ApJ...806...30L},
  adsnote = {Provided by the SAO/NASA Astrophysics Data System}
}

@ARTICLE{Howell14,
   author = {{Howell}, S.~B. and {Sobeck}, C. and {Haas}, M. and {Still}, M. and
	{Barclay}, T. and {Mullally}, F. and {Troeltzsch}, J. and {Aigrain}, S. and
	{Bryson}, S.~T. and {Caldwell}, D. and {Chaplin}, W.~J. and
	{Cochran}, W.~D. and {Huber}, D. and {Marcy}, G.~W. and {Miglio}, A. and
	{Najita}, J.~R. and {Smith}, M. and {Twicken}, J.~D. and {Fortney}, J.~J.
	},
    title = "{The K2 Mission: Characterization and Early Results}",
  journal = {\pasp},
archivePrefix = "arXiv",
   eprint = {1402.5163},
 primaryClass = "astro-ph.IM",
 keywords = {Astronomical Instrumentation},
     year = 2014,
    month = apr,
   volume = 126,
    pages = {398-408},
      doi = {10.1086/676406},
   adsurl = {http://adsabs.harvard.edu/abs/2014PASP..126..398H},
  adsnote = {Provided by the SAO/NASA Astrophysics Data System}
}

@ARTICLE{Luger16,
   author = {{Luger}, R. and {Agol}, E. and {Kruse}, E. and {Barnes}, R. and
	{Becker}, A. and {Foreman-Mackey}, D. and {Deming}, D.},
    title = "{EVEREST: Pixel Level Decorrelation of K2 Light Curves}",
  journal = {\aj},
archivePrefix = "arXiv",
   eprint = {1607.00524},
 primaryClass = "astro-ph.EP",
 keywords = {catalogs, planets and satellites: detection, techniques: photometric},
     year = 2016,
    month = oct,
   volume = 152,
      eid = {100},
    pages = {100},
      doi = {10.3847/0004-6256/152/4/100},
   adsurl = {http://adsabs.harvard.edu/abs/2016AJ....152..100L},
  adsnote = {Provided by the SAO/NASA Astrophysics Data System}
}
